% Encoding: UTF-8

@book{cormen,
  title={Introduction to Algorithms},
  author={Cormen, Thomas H. and Leiserson, Charles E. and Rivest, Ronald L. and Stein, Clifford},
  year={2022},
  publisher={MIT Press}
}

@book{bondy1976graph,
  title={Graph theory with applications},
  author={Bondy, J.A. and Murty, U.S.R.},
  year={1976},
  publisher={North Holland}
}

@book{korte2018combinatorial,
  title={Combinatorial Optimization: Theory and Algorithms},
  author={Korte, Bernhard and Vygen, Jens},
  edition={6},
  year={2018},
  publisher={Springer}
}

@misc{statista_languages,
  author = {{Statista Search Department}},
  title = {Most Used Programming Languages Among Developers Worldwide as of 2023},
  year = {2024},
  howpublished = {\url{https://www.statista.com/statistics/793628/worldwide-developer-survey-most-used-languages/}},
  note = {Statista},
  accessed = {May 6, 2024}
}

@article{newman2018networks,
  title={Networks},
  author={Newman, Mark},
  year={2018}
}

@book{garey1979computers,
  title={Computers and Intractability: A Guide to the Theory of NP-Completeness},
  author={Garey, Michael R and Johnson, David S},
  year={1979},
  publisher={W. H. Freeman and Company}
}

@article{ieee_survey,
  title={Matching algorithms: Fundamentals, applications and challenges},
  author={REN, Jing et al.},
  journal={IEEE Transactions on Emerging Topics in Computational Intelligence},
  volume={5},
  number={3},
  pages={332--350},
  year={2021},
  publisher={IEEE}
}

@article{ren2021matching,
  title={Matching algorithms: Fundamentals, applications and challenges},
  author={REN, Jing et al.},
  journal={IEEE Transactions on Emerging Topics in Computational Intelligence},
  volume={5},
  number={3},
  pages={332--350},
  year={2021},
  publisher={IEEE}
}

@book{larman2004applying,
  title={Applying UML and Patterns: An Introduction to Object-Oriented Analysis and Design and Iterative Development},
  author={Larman, Craig},
  year={2004},
  publisher={Pearson Education}
}

@book{west2001introduction,
  title={Introduction to Graph Theory},
  author={West, Douglas B},
  year={2001},
  publisher={Prentice Hall}
}

@book{diestel2017graph,
  title={Graph Theory},
  author={Diestel, Reinhard},
  year={2017},
  publisher={Springer}
}

@book{fowler2003patterns,
  title={Patterns of Enterprise Application Architecture},
  author={Fowler, Martin},
  year={2003},
  publisher={Addison-Wesley}
}

@book{schrijver2003combinatorial,
  title={Combinatorial Optimization: Polyhedra and Efficiency},
  author={Schrijver, Alexander},
  year={2003},
  publisher={Springer Science \& Business Media}
}

@book{ahuja1993network,
  title={Network flows: theory, algorithms, and applications},
  author={Ahuja, Ravindra K and Magnanti, Thomas L and Orlin, James B},
  year={1993},
  publisher={Prentice Hall}
}

@article{roth1990two,
    title={Two-sided matching: A study in game-theoretic modeling and analysis},
    author={Roth, Alvin E and Sotomayor, Marilda},
    journal={Econometric Society Monographs},
    volume={18},
    year={1990},
    publisher={Cambridge University Press}
}
@book{gusfield1989stable,
    title={The stable marriage problem: structure and algorithms},
    author={Gusfield, Dan and Irving, Robert W},
    year={1989},
    publisher={MIT press}
}
@book{manlove2013algorithmics,
    title={Algorithmics of matching under preferences},
    author={Manlove, David F},
    year={2013},
    publisher={World Scientific}
}
@article{demange1986multi,
    title={Multi-item auctions},
    author={Demange, Gabrielle and Gale, David and Sotomayor, Marilda},
    journal={Journal of Political Economy},
    volume={94},
    number={4},
    pages={863--872},
    year={1986},
    publisher={JSTOR}
}
@article{biro2016matching,
    title={Matching in practice: A review of algorithms and an empirical evaluation},
    author={Biro, Peter and Wiese, Andreas},
    journal={Artificial Intelligence Review},
    volume={46},
    number={3},
    pages={325--369},
    year={2016},
    publisher={Springer}
}
@article{roth2008deferred,
    title={Deferred acceptance algorithms: History, theory, practice, and open questions},
    author={Roth, Alvin E},
    journal={International Journal of Game Theory},
    volume={36},
    number={3-4},
    pages={537--569},
    year={2008},
    publisher={Springer}
}

@book{kuhn1955hungarian,
  title={The Hungarian method for the assignment problem},
  author={Kuhn, Harold W},
  year={1955},
  publisher={Naval Research Logistics Quarterly}
}

@book{ford1956maximal,
  title={Maximal flow through a network},
  author={Ford, Lester R and Fulkerson, Delbert R},
  year={1956},
  publisher={Canadian journal of Mathematics}
}



@book{ambler2002object,
  title={Object-oriented modeling with UML: A practical approach},
  author={Ambler, Scott W},
  year={2002},
  publisher={Cambridge University Press}
}

@book{bernstein2009object,
  title={Object-Relational Mapping (ORM): MongoDB, MongooseJS and NodeJS By Example},
  author={Bernstein, Jason},
  year={2009},
  publisher={Jason Bernstein}
}



@incollection{karp1972reducibility,
  title={Reducibility Among Combinatorial Problems},
  author={Karp, Richard M},
  booktitle={Complexity of Computer Computations},
  editor={Miller, Raymond E and Thatcher, James W},
  year={1972},
  pages={85--103},
  publisher={Plenum Press}
}

@book{papadimitriou1998combinatorial,
  title={Combinatorial optimization: Algorithms and complexity},
  author={Papadimitriou, Christos H and Steiglitz, Kenneth},
  year={1998},
  publisher={Courier Corporation}
}

@book{vazirani2001approximation,
  title={Approximation algorithms},
  author={Vazirani, Vijay V},
  year={2001},
  publisher={Springer Science \& Business Media}
}


@MastersThesis{exemplo_dissertacao,
  author        = {SOBRENOME, Prenome do Autor},
  title         = {Título de obra},
  school        = {Vinculação acadêmica},
  year          = {data},
  address       = {local de apresentação/defesa},
  note          = {Descrição física},
  subtitle      = {subtítulo (se houver)},
  url           = {http://www.udesc.br/cct},
  urlaccessdate = {10 nov. 2020},
}

@PhdThesis{exemplo_tese,
  author        = {SOBRENOME, Prenome do Autor},
  title         = {Título de obra},
  school        = {Vinculação acadêmica},
  year          = {data},
  address       = {local de apresentação/defesa},
  note          = {Descrição física},
  subtitle      = {subtítulo (se houver)},
  url           = {http://www.udesc.br/cct},
  urlaccessdate = {10 nov. 2020},
}


@misc{ime_usp_matching,
  author = {Paulo Feofiloff},
  title = {Algoritmos para Grafos, Emparelhamentos e Redes de Fluxo},
  howpublished = {Universidade de São Paulo, Instituto de Matemática e Estatística},
  year = {2024},
  url = {https://www.ime.usp.br/~pf/algoritmos_para_grafos/aulas/matching-bipartite.html},
  note = {Acesso em: 05 maio 2024}
}

@article{roth2004kidney,
  title={Kidney Exchange: Fair Efficient, and Incentive-Compatible},
  author={Roth, Alvin E. and Sönmez, Tayfun and Ünver, M. Utku},
  journal={American Economic Review},
  volume={95},
  number={2},
  pages={376-380},
  year={2004},
  publisher={American Economic Association}
}

@book{manning2008introduction,
  title={Introduction to Information Retrieval},
  author={Manning, Christopher D. and Raghavan, Prabhakar and Schütze, Hinrich},
  year={2008},
  publisher={Cambridge University Press}
}

@book{ricci2011introduction,
  title={Introduction to Recommender Systems Handbook},
  author={Ricci, Francesco and Rokach, Lior and Shapira, Bracha and Kantor, Paul B.},
  year={2011},
  publisher={Springer}
}

@article{ji2021survey,
  title={A Survey on Knowledge Graphs: Representation, Acquisition, and Applications},
  author={Ji, Shaoxiong and Pan, Shirui and Cambria, Erik and Marttinen, Pekka and Yu, Philip S.},
  journal={IEEE Transactions on Neural Networks and Learning Systems},
  volume={33},
  number={2},
  pages={494-514},
  year={2021},
  publisher={IEEE}
}

@book{szeliski2010computer,
  title={Computer Vision: Algorithms and Applications},
  author={Szeliski, Richard},
  year={2010},
  publisher={Springer}
}



@article{land1974automatic,
  title={An automatic algorithm for generating binary search trees},
  author={Land, Arthur H},
  journal={Computers \& Operations Research},
  volume={1},
  number={1},
  pages={64--66},
  year={1974},
  publisher={Pergamon}
}

@book{holland1992adaptation,
  title={Adaptation in natural and artificial systems: an introductory analysis with applications to biology, control, and artificial intelligence},
  author={Holland, John H},
  year={1992},
  publisher={MIT press}
}

///////////////////////////////////////////////////////////////////////
///////////////////////////////////////////////////////////////////////
///////////////////////////////////////////////////////////////////////
///////////////////////////////////////////////////////////////////////
///////////////////////////////////////////////////////////////////////
///////////////////////////////////////////////////////////////////////
///////////////////////////////////////////////////////////////////////
///////////////////////////////////////////////////////////////////////
///////////////////////////////////////////////////////////////////////
///////////////////////////////////////////////////////////////////////
///////////////////////////////////////////////////////////////////////
///////////////////////////////////////////////////////////////////////

@article{gale1962college,
  title={College admissions and the stability of marriage},
  author={Gale, David and Shapley, Lloyd S},
  journal={The American Mathematical Monthly},
  volume={69},
  number={1},
  pages={9--15},
  year={1962},
  publisher={JSTOR}
}


@article{hoessler2020stable,
  title={Stable matching for wireless URLLC in multi-cellular, multiuser systems},
  author={Hoessler, T. and Schulz, P. and Jorswieck, E.A. and Simsek, M. and Fettweis, G.P.},
  journal={IEEE Transactions on Communications},
  year={2020}
}

@article{che2019stable,
  title={Stable matching in large economies},
  author={Che, Y.-K. and Kim, J. and Kojima, F.},
  journal={Econometrica},
  volume={87},
  number={1},
  pages={65--110},
  year={2019}
}

@article{ismaili2019weighted,
  title={Weighted matching markets with budget constraints},
  author={Ismaili, A. and Hamada, N. and Zhang, Y. and Suzuki, T. and Yokoo, M.},
  journal={Journal of Artificial Intelligence Research},
  volume={65},
  pages={393--421},
  year={2019}
}

@incollection{roth1992two,
  title={Two-sided matching},
  author={Roth, A.E. and Sotomayor, M.},
  booktitle={Handbook of game theory with economic applications},
  volume={1},
  pages={485--541},
  year={1992},
  publisher={Elsevier}
}

@article{becker1973theory,
  title={A theory of marriage: Part I},
  author={Becker, G.S.},
  journal={Journal of Political Economy},
  volume={81},
  number={4},
  pages={813--846},
  year={1973}
}

@article{bergstrom1993courtship,
  title={Courtship as a waiting game},
  author={Bergstrom, T.C. and Bagnoli, M.},
  journal={Journal of Political Economy},
  volume={101},
  number={1},
  pages={185--202},
  year={1993}
}

@article{kelso1982job,
  title={Job matching, coalition formation, and gross substitutes},
  author={Kelso, A.S. Jr and Crawford, V.P.},
  journal={Econometrica: Journal of the Econometric Society},
  pages={1483--1504},
  year={1982}
}

@article{rosen1981economics,
  title={The economics of superstars},
  author={Rosen, S.},
  journal={The American Economic Review},
  volume={71},
  number={5},
  pages={845--858},
  year={1981}
}

@article{roth1984stability,
  title={Stability and polarization of interests in job matching},
  author={Roth, A.E.},
  journal={Econometrica: Journal of the Econometric Society},
  pages={47--57},
  year={1984}
}

@article{kremer1993ring,
  title={The O-ring theory of economic development},
  author={Kremer, M.},
  journal={The Quarterly Journal of Economics},
  volume={108},
  number={3},
  pages={551--575},
  year={1993}
}

@article{gabaix2008ceo,
  title={Why has CEO pay increased so much?},
  author={Gabaix, X. and Landier, A.},
  journal={The Quarterly Journal of Economics},
  volume={123},
  number={1},
  pages={49--100},
  year={2008}
}

@article{tervio2008ceo,
  title={The difference that CEOs make: An assignment model approach},
  author={Tervio, M.},
  journal={American Economic Review},
  volume={98},
  number={3},
  pages={642--68},
  year={2008}
}

@article{naparstek2014distributed,
  title={Distributed energy efficient channel allocation},
  author={Naparstek, O. and Zafaruddin, S. and Leshem, A. and Jorswieck, E.},
  journal={arXiv preprint arXiv:1401.1671},
  year={2014}
}

@inproceedings{gu2014cheating,
  title={Cheating in matching of device to device pairs in cellular networks},
  author={Gu, Y. and Zhang, Y. and Pan, M. and Han, Z.},
  booktitle={2014 IEEE Global Communications Conference},
  pages={4910--4915},
  year={2014},
  organization={IEEE}
}

@article{leshem2011multichannel,
  title={Multichannel opportunistic carrier sensing for stable channel access control in cognitive radio systems},
  author={Leshem, A. and Zehavi, E. and Yaffe, Y.},
  journal={IEEE Journal on Selected Areas in Communications},
  volume={30},
  number={1},
  pages={82--95},
  year={2011}
}

@inproceedings{ramos2003using,
  title={Using tf-idf to determine word relevance in document queries},
  author={Ramos, J. and others},
  booktitle={Proceedings of the first instructional conference on machine learning},
  volume={242},
  pages={133--142},
  year={2003},
  organization={Piscataway, NJ}
}

@article{salton1988term,
  title={Term-weighting approaches in automatic text retrieval},
  author={Salton, G. and Buckley, C.},
  journal={Information Processing \& Management},
  volume={24},
  number={5},
  pages={513--523},
  year={1988}
}

@article{robertson2009probabilistic,
  title={The probabilistic relevance framework: BM25 and beyond},
  author={Robertson, S. and Zaragoza, H. and others},
  journal={Foundations and Trends in Information Retrieval},
  volume={3},
  number={4},
  pages={333--389},
  year={2009}
}



@article{dumais2004latent,
  title={Latent semantic analysis},
  author={Dumais, S.T.},
  journal={Annual Review of Information Science and Technology},
  volume={38},
  number={1},
  pages={188--230},
  year={2004}
}

@inproceedings{hofmann1999probabilistic,
  title={Probabilistic latent semantic analysis},
  author={Hofmann, T.},
  booktitle={Proceedings of the Fifteenth conference on Uncertainty in artificial intelligence},
  pages={289--296},
  year={1999},
  organization={Morgan Kaufmann Publishers Inc.}
}

@article{blei2003latent,
  title={Latent Dirichlet allocation},
  author={Blei, D.M. and Ng, A.Y. and Jordan, M.I.},
  journal={Journal of Machine Learning Research},
  volume={3},
  number={Jan},
  pages={993--1022},
  year={2003}
}

@inproceedings{huang2013learning,
  title={Learning deep structured semantic models for web search using clickthrough data},
  author={Huang, P.-S. and He, X. and Gao, J. and Deng, L. and Acero, A. and Heck, L.},
  booktitle={Proceedings of the 22nd ACM international conference on Information \& Knowledge Management},
  pages={2333--2338},
  year={2013},
  organization={ACM}
}

@inproceedings{shen2014latent,
  title={A latent semantic model with convolutional-pooling structure for information retrieval},
  author={Shen, Y. and He, X. and Gao, J. and Deng, L. and Mesnil, G.},
  booktitle={Proceedings of the 23rd ACM International Conference on Conference on Information and Knowledge Management},
  pages={101--110},
  year={2014},
  organization={ACM}
}

@article{palangi2014semantic,
  title={Semantic modelling with long-short-term memory for information retrieval},
  author={Palangi, H. and Deng, L. and Shen, Y. and Gao, J. and He, X. and Chen, J. and Song, X. and Ward, R.},
  journal={arXiv preprint arXiv:1412.6629},
  year={2014}
}

@inproceedings{choi2018learning,
  title={Learning to compose task-specific tree structures},
  author={Choi, J. and Yoo, K.M. and Lee, S.},
  booktitle={Proceedings of the AAAI Conference on Artificial Intelligence},
  pages={5094--5101},
  year={2018},
  organization={AAAI Press}
}

@inproceedings{hu2014convolutional,
  title={Convolutional neural network architectures for matching natural language sentences},
  author={Hu, B. and Lu, Z. and Li, H. and Chen, Q.},
  booktitle={Advances in neural information processing systems},
  pages={2042--2050},
  year={2014}
}

@article{bengio2009learning,
  title={Learning deep architectures for AI},
  author={Bengio, Yoshua and others},
  journal={Foundations and Trends in Machine Learning},
  volume={2},
  number={1},
  pages={1--127},
  year={2009},
  publisher={Now Publishers Inc.}
}

@inproceedings{pang2016text,
  title={Text matching as image recognition},
  author={Pang, Liang and Lan, Yanyan and Guo, Jiafeng and Xu, Jun and Wan, Shulong and Cheng, Xueqi},
  booktitle={Thirtieth AAAI Conference on Artificial Intelligence},
  year={2016}
}

@inproceedings{wan2016matchsrnn,
  title={Match-SRNN: Modeling the recursive matching structure with spatial RNN},
  author={Wan, Shulong and Lan, Yanyan and Xu, Jun and Guo, Jiafeng and Pang, Liang and Cheng, Xueqi},
  booktitle={Proceedings of the Twenty-Fifth International Joint Conference on Artificial Intelligence},
  pages={2922--2928},
  year={2016},
  organization={AAAI Press}
}

@article{cho2014learning,
  title={Learning phrase representations using RNN encoder-decoder for statistical machine translation},
  author={Cho, Kyunghyun and Van Merrienboer, Bart and Gulcehre, Caglar and Bahdanau, Dzmitry and Bougares, Fethi and Schwenk, Holger and Bengio, Yoshua},
  journal={arXiv preprint arXiv:1406.1078},
  year={2014}
}

@inproceedings{parikh2016decomposable,
  title={A decomposable attention model for natural language inference},
  author={Parikh, Ankur P and Tackstr{\"o}m, Oscar and Das, Dipanjan and Uszkoreit, Jakob},
  booktitle={Proceedings of the 2016 Conference on Empirical Methods in Natural Language Processing},
  pages={2249--2255},
  year={2016}
}

@inproceedings{wan2016deep,
  title={A deep architecture for semantic matching with multiple positional sentence representations},
  author={Wan, Shulong and Lan, Yanyan and Guo, Jiafeng and Xu, Jun and Pang, Liang and Cheng, Xueqi},
  booktitle={Thirtieth AAAI Conference on Artificial Intelligence},
  year={2016}
}

@inproceedings{yang2016anmm,
  title={anmm: Ranking short answer texts with attention-based neural matching model},
  author={Yang, Liu and Ai, Qingyao and Guo, Jiafeng and Croft, W Bruce},
  booktitle={Proceedings of the 25th ACM International Conference on Information and Knowledge Management},
  pages={287--296},
  year={2016}
}

@inproceedings{kim2019semantic,
  title={Semantic sentence matching with densely-connected recurrent and co-attentive information},
  author={Kim, Sangwoo and Kang, Ilsoo and Kwak, Nojun},
  booktitle={Proceedings of the AAAI Conference on Artificial Intelligence},
  volume={33},
  pages={6586--6593},
  year={2019}
}

@inproceedings{mitra2017learning,
  title={Learning to match using local and distributed representations of text for web search},
  author={Mitra, Bhaskar and Diaz, Fernando and Craswell, Nick},
  booktitle={Proceedings of the 26th International Conference on World Wide Web},
  pages={1291--1299},
  year={2017},
  organization={International World Wide Web Conferences Steering Committee}
}

@article{su2009survey,
  title={A survey of collaborative filtering techniques},
  author={Su, Xiaoyuan and Khoshgoftaar, Taghi M},
  journal={Advances in Artificial Intelligence},
  volume={2009},
  year={2009},
  publisher={Hindawi Publishing Corp.}
}

@inproceedings{tran2018regularizing,
  title={Regularizing matrix factorization with user and item embeddings for recommendation},
  author={Tran, Toan and Lee, Kuan and Liao, Yu and Lee, Dongwon},
  booktitle={Proceedings of the 27th ACM International Conference on Information and Knowledge Management},
  pages={687--696},
  year={2018}
}

@inproceedings{sedhain2015autorec,
  title={Autorec: Autoencoders meet collaborative filtering},
  author={Sedhain, Sujoy and Menon, Aditya Krishna and Sanner, Scott and Xie, Lexing},
  booktitle={Proceedings of the 24th International Conference on World Wide Web},
  pages={111--112},
  year={2015},
  organization={ACM}
}

@inproceedings{wu2016collaborative,
  title={Collaborative denoising auto-encoders for top-n recommender systems},
  author={Wu, Yao and DuBois, Christopher and Zheng, Alice X and Ester, Martin},
  booktitle={Proceedings of the Ninth ACM International Conference on Web Search and Data Mining},
  pages={153--162},
  year={2016},
  organization={ACM}
}

@incollection{koren2015advances,
  title={Advances in collaborative filtering},
  author={Koren, Yehuda and Bell, Robert},
  booktitle={Recommender Systems Handbook},
  pages={77--118},
  year={2015},
  publisher={Springer}
}

@inproceedings{xue2017deep,
  title={Deep matrix factorization models for recommender systems},
  author={Xue, Hong-Jian and Dai, Xian-Chao and Zhang, Jing and Huang, Sugang and Chen, Jian},
  booktitle={IJCAI},
  pages={3203--3209},
  year={2017}
}

@inproceedings{chen2017attentive,
  title={Attentive collaborative filtering: Multimedia recommendation with item-and component-level attention},
  author={Chen, Jing and Zhang, Huan and He, Xiangnan and Nie, Liqiang and Liu, Wei and Chua, Tat-Seng},
  booktitle={Proceedings of the 40th International ACM SIGIR Conference on Research and Development in Information Retrieval},
  pages={335--344},
  year={2017},
  organization={ACM}
}

@inproceedings{he2017neural,
  title={Neural collaborative filtering},
  author={He, Xiangnan and Liao, Lizi and Zhang, Hanwang and Nie, Liqiang and Hu, Xia and Chua, Tat-Seng},
  booktitle={Proceedings of the 26th International Conference on World Wide Web},
  pages={173--182},
  year={2017},
  organization={International World Wide Web Conferences Steering Committee}
}

@inproceedings{tay2018latent,
  title={Latent relational metric learning via memory-based attention for collaborative ranking},
  author={Tay, Yi and Tuan, Luu Anh and Hui, Siu Cheung},
  booktitle={Proceedings of the 2018 World Wide Web Conference on World Wide Web},
  pages={729--739},
  year={2018},
  organization={International World Wide Web Conferences Steering Committee}
}

@inproceedings{he2017neuralfm,
  title={Neural factorization machines for sparse predictive analytics},
  author={He, Xiangnan and Chua, Tat-Seng},
  booktitle={Proceedings of the 40th International ACM SIGIR Conference on Research and Development in Information Retrieval},
  pages={355--364},
  year={2017},
  organization={ACM}
}

@article{xiao2017attentional,
  title={Attentional factorization machines: Learning the weight of feature interactions via attention networks},
  author={Xiao, Jun and Ye, Hong and He, Xiangnan and Zhang, Hanwang and Wu, Fei and Chua, Tat-Seng},
  journal={arXiv preprint arXiv:1708.04617},
  year={2017}
}

@inproceedings{sutskever2009modelling,
  title={Modelling relational data using bayesian clustered tensor factorization},
  author={Sutskever, Ilya and Tenenbaum, Joshua B and Salakhutdinov, Ruslan R},
  booktitle={Advances in Neural Information Processing Systems},
  pages={1821--1828},
  year={2009}
}

@inproceedings{nickel2011three,
  title={A three-way model for collective learning on multi-relational data},
  author={Nickel, Maximilian and Tresp, Volker and Kriegel, Hans-Peter},
  booktitle={Proceedings of the 28th International Conference on Machine Learning},
  pages={809--816},
  year={2011}
}

@inproceedings{garcia2014effective,
  title={Effective blending of two and three-way interactions for modeling multi-relational data},
  author={Garc\'ia-Duran, Antonio and Bordes, Antoine and Usunier, Nicolas},
  booktitle={Joint European Conference on Machine Learning and Knowledge Discovery in Databases},
  pages={434--449},
  year={2014},
  organization={Springer}
}

@inproceedings{liu2017analogical,
  title={Analogical inference for multi-relational embeddings},
  author={Liu, Hongwei and Wu, Yuexin and Yang, Yiming},
  booktitle={Proceedings of the 34th International Conference on Machine Learning},
  pages={2168--2178},
  year={2017}
}

@article{bordes2014semantic,
  title={A semantic matching energy function for learning with multi-relational data},
  author={Bordes, Antoine and Glorot, Xavier and Weston, Jason and Bengio, Yoshua},
  journal={Machine Learning},
  volume={94},
  number={2},
  pages={233--259},
  year={2014}
}

@inproceedings{socher2013reasoning,
  title={Reasoning with neural tensor networks for knowledge base completion},
  author={Socher, Richard and Chen, Dan and Manning, Christopher D and Ng, Andrew Y},
  booktitle={Advances in Neural Information Processing Systems},
  pages={926--934},
  year={2013}
}

@inproceedings{dong2014knowledgevault,
  title={Knowledge vault: A web-scale approach to probabilistic knowledge fusion},
  author={Dong, X. and Gabrilovich, E. and Heitz, G. and Horn, W. and Lao, N. and Murphy, K. and Strohmann, T. and Sun, S. and Zhang, W.},
  booktitle={Proceedings of the 20th ACM SIGKDD International Conference on Knowledge Discovery and Data Mining},
  pages={601--610},
  year={2014},
  publisher={ACM}
}

@article{liu2016probabilistic,
  title={Probabilistic reasoning via deep learning: Neural association models},
  author={Liu, Q. and Jiang, H. and Evdokimov, A. and Ling, Z.-H. and Zhu, X. and Wei, S. and Hu, Y.},
  journal={arXiv preprint arXiv:1603.07704},
  year={2016}
}

@inproceedings{bordes2013translating,
  title={Translating embeddings for modeling multi-relational data},
  author={Bordes, Antoine and Usunier, Nicolas and Garcia-Duran, Albert and Weston, Jason and Yakhnenko, Oksana},
  booktitle={Advances in Neural Information Processing Systems},
  pages={2787--2795},
  year={2013}
}

@inproceedings{wang2014knowledgegraph,
  title={Knowledge graph embedding by translating on hyperplanes},
  author={Wang, Z. and Zhang, J. and Feng, J. and Chen, Z.},
  booktitle={Twenty-Eighth AAAI Conference on Artificial Intelligence},
  year={2014}
}

@inproceedings{lin2015learning,
  title={Learning entity and relation embeddings for knowledge graph completion},
  author={Lin, Y. and Liu, Z. and Sun, M. and Liu, Y. and Zhu, X.},
  booktitle={Twenty-Ninth AAAI Conference on Artificial Intelligence},
  year={2015}
}

@inproceedings{ji2015knowledgegraph,
  title={Knowledge graph embedding via dynamic mapping matrix},
  author={Ji, G. and He, S. and Xu, L. and Liu, K. and Zhao, J.},
  booktitle={Proceedings of the 53rd Annual Meeting of the Association for Computational Linguistics and the 7th International Joint Conference on Natural Language Processing (Volume 1: Long Papers)},
  volume={1},
  pages={687--696},
  year={2015}
}

@article{xiao2015transa,
  title={TransA: An adaptive approach for knowledge graph embedding},
  author={Xiao, H. and Huang, M. and Hao, Y. and Zhu, X.},
  journal={arXiv preprint arXiv:1509.05490},
  year={2015}
}

@article{levine1973computer,
  title={Computer determination of depth maps},
  author={Levine, M. D. and O'Handley, D. A. and Yagi, G. M.},
  journal={Computer Graphics and Image Processing},
  volume={2},
  number={2},
  pages={131--150},
  year={1973}
}

@article{gruen1985adaptive,
  title={Adaptive least squares correlation: A powerful image matching technique},
  author={Gruen, A.},
  journal={South African Journal of Photogrammetry, Remote Sensing and Cartography},
  volume={14},
  number={3},
  pages={175--187},
  year={1985}
}

@article{wu2019fast,
  title={Fast, accurate normalized cross-correlation image matching},
  author={Wu, P. and Li, W. and Song, W.},
  journal={Journal of Intelligent & Fuzzy Systems},
  volume={37},
  number={4},
  pages={4431--4436},
  year={2019}
}

@inproceedings{ishiyama2018fast,
  title={Fast image matching based on Fourier-Mellin phase correlation for tag-less identification of mass-produced parts},
  author={Ishiyama, R. and Takahashi, T. and Makino, K. and Kudo, Y.},
  booktitle={2018 IEEE Global Conference on Signal and Information Processing (GlobalSIP)},
  pages={380--384},
  year={2018},
  publisher={IEEE}
}

@inproceedings{yang2018image,
  title={An image matching algorithm based on mutual information for small dimensionality target},
  author={Yang, Q. and Wei, Q.},
  booktitle={2018 14th International Conference on Natural Computation, Fuzzy Systems and Knowledge Discovery (ICNC-FSKD)},
  pages={1166--1171},
  year={2018},
  publisher={IEEE}
}

@inproceedings{harris1988combined,
  title={A combined corner and edge detector},
  author={Harris, C. G. and Stephens, M.},
  booktitle={Alvey Vision Conference},
  volume={15},
  number={50},
  pages={10--5244},
  year={1988}
}

@article{lowe2004distinctive,
  title={Distinctive image features from scale-invariant keypoints},
  author={Lowe, David G.},
  journal={International Journal of Computer Vision},
  volume={60},
  number={2},
  pages={91--110},
  year={2004}
}

@article{bay2008surf,
  title={Speeded-up robust features (SURF)},
  author={Bay, Herbert and Ess, Aude and Tuytelaars, Tinne and Van Gool, Luc},
  journal={Computer Vision and Image Understanding},
  volume={110},
  number={3},
  pages={346--359},
  year={2008}
}

@inproceedings{rublee2011orb,
  title={ORB: An efficient alternative to SIFT or SURF},
  author={Rublee, Ethan and Rabaud, Vincent and Konolige, Kurt and Bradski, Gary},
  booktitle={2011 International Conference on Computer Vision},
  pages={2564--2571},
  year={2011},
  publisher={IEEE}
}

@article{babri2016feature,
  title={Feature based correspondence: A comparative study on image matching algorithms},
  author={Babri, U. M. and Tanvir, M. and Khurshid, K.},
  journal={International Journal of Advanced Computer Science and Applications},
  volume={7},
  number={3},
  pages={206--210},
  year={2016}
}

@article{karami2017image,
  title={Image matching using SIFT, SURF, BRIEF and ORB: Performance comparison for distorted images},
  author={Karami, E. and Prasad, S. and Shehata, M.},
  journal={arXiv preprint arXiv:1710.02726},
  year={2017}
}

@inproceedings{taigman2014deepface,
  title={DeepFace: Closing the gap to human-level performance in face verification},
  author={Taigman, Yaniv and Yang, Ming and Ranzato, Michael and Wolf, Lior},
  booktitle={Proceedings of the IEEE Conference on Computer Vision and Pattern Recognition},
  pages={1701--1708},
  year={2014}
}

@inproceedings{schroff2015facenet,
  title={FaceNet: A unified embedding for face recognition and clustering},
  author={Schroff, Florian and Kalenichenko, Dmitry and Philbin, James},
  booktitle={Proceedings of the IEEE Conference on Computer Vision and Pattern Recognition},
  pages={815--823},
  year={2015}
}

@inproceedings{he2016deep,
  title={Deep residual learning for image recognition},
  author={He, Kaiming and Zhang, Xiangyu and Ren, Shaoqing and Sun, Jian},
  booktitle={Proceedings of the IEEE Conference on Computer Vision and Pattern Recognition},
  pages={770--778},
  year={2016}
}

@inproceedings{wang2019racial,
  title={Racial faces in the wild: Reducing racial bias by information maximization adaptation network},
  author={Wang, M. and Deng, W. and Hu, J. and Tao, X. and Huang, Y.},
  booktitle={2019 IEEE/CVF International Conference on Computer Vision (ICCV)},
  pages={692--702},
  year={2019},
  publisher={IEEE}
}



@book{halim2013competitive,
  title = {Competitive Programming 3},
  author = {Steven Halim and Felix Halim},
  year = {2013},
  publisher = {Springer},
  address = {New York, NY},
  isbn = {978-1-4614-2359-7},
}

@inproceedings{networkx,
  author    = {Aric A. Hagberg and Daniel A. Schult and Pieter J. Swart},
  title     = {Exploring network structure, dynamics, and function using NetworkX},
  booktitle = {Proceedings of the 7th Python in Science Conference (SciPy 2008)},
  year      = {2008},
  pages     = {11--15},
  url       = {https://conference.scipy.org/proceedings/scipy2008/paper_2/full_text.pdf},
}
@article{sankar,
  author    = {G. S. Sankar and A. Louis and M. Nasre and P. Nimbhorkar},
  title     = {Matchings with Group Fairness Constraints: Online and Offline Algorithms},
  year      = {2021},
  eprint    = {2105.09522},
  journal = {arXiv},
  primaryClass  = {cs.DS},
}

@article{hatfield2005matching,
  title={Matching with Contracts},
  author={Hatfield, John William and Milgrom, Paul R.},
  journal={American Economic Review},
  volume={95},
  number={4},
  pages={913--935},
  year={2005},
  publisher={JSTOR}
}

@inproceedings{rostami2018fairness,
  title={Fairness in Kidney Exchange Programs},
  author={Rostami, Sahar and et al.},
  booktitle={Proceedings of the 2018 ACM Conference on Economics and Computation},
  pages={443--443},
  year={2018},
  organization={ACM}
}

@article{pappalardo2020algorithmic,
  title={Algorithmic Fairness through the Prism of Fair Division},
  author={Pappalardo, Gianpaolo and Conitzer, Vincent},
  journal={Artificial Intelligence},
  volume={286},
  pages={103304},
  year={2020},
  publisher={Elsevier}
}

@book{manlove2017algorithmics,
  title={Algorithmics of Matching Under Preferences},
  author={Manlove, David},
  year={2017},
  publisher={World Scientific Publishing Company}
}

@inproceedings{akidau2013millwheel,
  title={MillWheel: Fault-Tolerant Stream Processing at Internet Scale},
  author={Akidau, Tyler and et al.},
  booktitle={Proceedings of the VLDB Endowment},
  volume={6(11)},
  pages={1033--1044},
  year={2013},
  organization={VLDB}
}

@article{edmonds1972theoretical,
  title={Theoretical Improvements in Algorithmic Efficiency for Network Flow Problems},
  author={Edmonds, Jack and Karp, Richard M.},
  journal={Journal of the ACM (JACM)},
  volume={19},
  number={2},
  pages={248--264},
  year={1972},
  publisher={ACM}
}

@article{tarjan1997dynamic,
  title={Dynamic Trees as an Efficient Representation of Network Flow Algorithms},
  author={Tarjan, Robert E.},
  journal={Mathematical Programming},
  volume={78},
  pages={169--177},
  year={1997},
  publisher={Springer}
}

@article{alon2019decentralized,
  title={Decentralized Network Algorithms for Min-Cost Flow: Convergence and Application to Blockchain},
  author={Alon, Noga and Cohen, Yinon and et al.},
  journal={Distributed Computing},
  volume={32},
  number={1},
  pages={53--71},
  year={2019},
  publisher={Springer}
}

@article{brandao2019quantum,
  title={Quantum Speed-Ups for Solving Semidefinite Programs},
  author={Brandao, Fernando GSL and et al.},
  journal={Proceedings of the Annual ACM Symposium on Theory of Computing},
  volume={51},
  pages={141--150},
  year={2019},
  organization={ACM}
}


@article{yan2021metaheuristic,
  title={Metaheuristic Approaches for Fair Matching in Social Networks},
  author={Yan, Ling and et al.},
  journal={Computational Social Networks},
  volume={8},
  number={1},
  pages={1--17},
  year={2021},
  publisher={Springer}
}

@inproceedings{chapman2017matching,
  title={Matching Students to Schools with Soft and Hard Constraints},
  author={Chapman, Alexander and et al.},
  booktitle={Proceedings of the Twenty-Sixth International Joint Conference on Artificial Intelligence},
  pages={515--521},
  year={2017},
  organization={IJCAI}
}

@Inbook{Karp1972,
author="Karp, Richard M.",
title="Reducibility among Combinatorial Problems",
bookTitle="Complexity of Computer Computations: Proceedings of a symposium on the Complexity of Computer Computations, held March 20--22, 1972, at the IBM Thomas J. Watson Research Center, Yorktown Heights, New York, and sponsored by the Office of Naval Research, Mathematics Program, IBM World Trade Corporation, and the IBM Research Mathematical Sciences Department",
year="1972",
publisher="Springer US",
address="Boston, MA",
pages="85--103",
abstract="A large class of computational problems involve the determination of properties of graphs, digraphs, integers, arrays of integers, finite families of finite sets, boolean formulas and elements of other countable domains. Through simple encodings from such domains into the set of words over a finite alphabet these problems can be converted into language recognition problems, and we can inquire into their computational complexity. It is reasonable to consider such a problem satisfactorily solved when an algorithm for its solution is found which terminates within a number of steps bounded by a polynomial in the length of the input. We show that a large number of classic unsolved problems of covering, matching, packing, routing, assignment and sequencing are equivalent, in the sense that either each of them possesses a polynomial-bounded algorithm or none of them does.",
isbn="978-1-4684-2001-2",
doi="10.1007/978-1-4684-2001-2_9",
url="https://doi.org/10.1007/978-1-4684-2001-2_9"
}


@INPROCEEDINGS{9996881,
  author={Chen, Li and Kyng, Rasmus and Liu, Yang P. and Peng, Richard and Gutenberg, Maximilian Probst and Sachdeva, Sushant},
  booktitle={2022 IEEE 63rd Annual Symposium on Foundations of Computer Science (FOCS)}, 
  title={Maximum Flow and Minimum-Cost Flow in Almost-Linear Time}, 
  year={2022},
  volume={},
  number={},
  pages={612-623},
  keywords={Computer science;Directed acyclic graph;Costs;Heuristic algorithms;Integral equations;Directed graphs;Approximation algorithms;Maximum flow;Minimum cost flow;Data structures;Interior point methods;Convex optimization},
  doi={10.1109/FOCS54457.2022.00064}}


@article{igraph,
  title = {igraph},
  author = {Gabor Csardi and Tamas Nepusz},
  journal = {International Journal of Complex Systems},
  year = {2006},
  url = {https://igraph.org/},
}

@article{hopcroft1973n,
  title = {n. 5.},
  author = {John E. Hopcroft and Richard M. Karp},
  journal = {SIAM Journal on Computing},
  year = {1973},
  volume = {2},
  number = {4},
  pages = {225--231},
}

@misc{github,
  author       = {Rafael Granza de Mello},
  title        = {Fair Bipartite Matching Mapping to MCMF Problem},
  howpublished = {https://github.com/RafaelGranza/Fair-Bipartite-Matching-Mapping-to-MCMF-Problem},
  year         = {2023},
}

@misc{myframework,
  author       = {Rafael Granza de Mello},
  title        = {Matching-Optimization-Core},
  howpublished = {https://github.com/RafaelGranza/Matching-Optimization-Core},
  year         = {2025},
}
@inproceedings{xu,
  author       = {Ma, Wenjia and Xu, Pingzhong},
  title        = {Group-level Fairness Maximization in Online Bipartite Matching},
  booktitle    = {AAMAS},
  year         = {2022},
}

@book{tarjan1997data,
  title={Data structures and network algorithms},
  author={Tarjan, Robert E},
  year={1997},
  publisher={SIAM}
}


@inproceedings{rostami2018decision,
  title={Decision-focused learning: Through the lens of learning to rank},
  author={Rostami, Mohammad and others},
  booktitle={Proceedings of the AAAI Conference on Artificial Intelligence},
  volume={32},
  number={1},
  year={2018}
}

@inproceedings{pappalardo2020fair,
  title={Fairness and welfare through the lens of optimal transport},
  author={Pappalardo, Luca and Conitzer, Vincent},
  booktitle={Proceedings of the AAAI Conference on Artificial Intelligence},
  volume={34},
  number={2},
  pages={2192--2199},
  year={2020}
}


@inproceedings{yan2021fair,
  title={Fairness with overlapping groups},
  author={Yan, Jiashuo and others},
  booktitle={Proceedings of the 38th International Conference on Machine Learning},
  year={2021}
}

@inproceedings{chapman2017cascading,
  title={Cascading bandits: Learning to rank in the non-stationary cascade model},
  author={Chapman, A and others},
  booktitle={Proceedings of the 34th International Conference on Machine Learning},
  year={2017}
}

@inproceedings{sankar2021set,
  title={Group fairness for the allocation problem: With application to public housing allocation},
  author={Sankar, Lalitha and others},
  booktitle={Proceedings of the 2021 ACM Conference on Fairness, Accountability, and Transparency},
  year={2021}
}

@inproceedings{garcia2020fair,
  title={Fair and efficient solutions to the multi-agent resource allocation problem},
  author={García-Soriano, David and Bonchi, Francesco},
  booktitle={Proceedings of the 29th ACM International Conference on Information and Knowledge Management},
  year={2020}
}

@article{rostami2018matching,
  title={Matching with Diversity Constraints: A Multi-Objective Approach},
  author={Rostami, Mehrdad and McElfresh, Drew and Dickerson, John P},
  journal={Proceedings of the AAAI Conference on Artificial Intelligence},
  volume={32},
  number={1},
  year={2018}
}

@article{pappalardo2020combining,
  title={Combining group fairness and efficiency in a machine learning matching market},
  author={Pappalardo, Luca and Conitzer, Vincent},
  journal={Proceedings of the AAAI Conference on Artificial Intelligence},
  volume={34},
  number={04},
  pages={5752--5759},
  year={2020}
}


@article{yan2021evolutionary,
  title={An Evolutionary Approach to Fairness and Diversity in Matching},
  author={Yan, Xiangyu and Lu, Xiaoyu and Zhang, Xijia and Luo, Jiayi},
  journal={Proceedings of the AAAI Conference on Artificial Intelligence},
  volume={35},
  number={4},
  pages={3676--3684},
  year={2021}
}

@article{chapman2017multi,
  title={Multi-objective optimization for fair student-supervisor assignments},
  author={Chapman, James and Davis, Rob and da Rocha, Luiz and de Klerk, Etienne and Armstrong, Ben},
  journal={Annals of Operations Research},
  volume={252},
  number={1},
  pages={21--40},
  year={2017},
  publisher={Springer}
}

@article{quantum_matching,
  author  = {Wang, J. and Zhang, Y.},
  title   = {Quantum matching pursuit: A quantum algorithm for sparse representations},
  journal = {Quantum Information Processing},
  year    = {2021},
  volume  = {20},
  number  = {3},
  pages   = {1--15}
}

@article{gnn_graph_matching,
  author  = {Li, H. and Wang, Y.},
  title   = {Self-supervised learning of visual graph matching},
  journal = {IEEE Transactions on Pattern Analysis and Machine Intelligence},
  year    = {2022}
}

@article{cross_modal_matching,
  author  = {Zhou, K. and Liu, J.},
  title   = {Cross-modal graph matching network for image-text retrieval},
  journal = {Proceedings of CVPR},
  year    = {2021}
}

@article{image_keypoint_matching,
  author  = {Chen, R. and Zhang, T.},
  title   = {Image keypoint matching using graph neural networks},
  journal = {IEEE Transactions on Image Processing},
  year    = {2023}
}

@article{point_cloud_matching,
  author  = {Sun, Z. and He, X.},
  title   = {Robust point cloud registration framework based on deep graph matching},
  journal = {Computer Vision and Image Understanding},
  year    = {2022}
}

@article{faster_bipartite_matching,
  author  = {Gupta, A. and Singh, P.},
  title   = {A faster combinatorial algorithm for maximum bipartite matching},
  journal = {Journal of Graph Theory},
  year    = {2020}
}

@article{network_matching,
  author  = {Liu, B. and Yang, F.},
  title   = {Energy-delay tradeoff in device-assisted NOMA MEC systems: A matching-based algorithm},
  journal = {IEEE Transactions on Wireless Communications},
  year    = {2022}
}

@article{privacy_graph_matching,
  author  = {Xiao, L. and Wang, Y.},
  title   = {Privacy-preserving graph matching query supporting quick subgraph extraction},
  journal = {Proceedings of AAAI},
  year    = {2021}
}

@article{humanitarian_routing,
  author  = {Fernandez, M. and Jones, R.},
  title   = {Solving the humanitarian multi-trip cumulative capacitated routing problem via a grouping metaheuristic algorithm},
  journal = {European Journal of Operational Research},
  year    = {2023}
}

@article{knowledge_graph_matching,
  author  = {Wang, S. and Li, D.},
  title   = {Graph matching for knowledge graph alignment using edge-coloring propagation},
  journal = {Knowledge-Based Systems},
  year    = {2022}
}

@article{cross_view_matching,
  author  = {Chen, Q. and Lin, H.},
  title   = {Cross-view graph matching guided anchor alignment for incomplete multi-view clustering},
  journal = {Pattern Recognition Letters},
  year    = {2023}
}

@article{semantic_feature_matching,
  author  = {Zhang, Y. and Xu, P.},
  title   = {Joint graph learning and matching for semantic feature correspondence},
  journal = {IEEE Transactions on Neural Networks and Learning Systems},
  year    = {2023}
}

@misc{galib,
  author = {Matthew Wall},
  title = {GAlib: A C++ Library of Genetic Algorithm Components},
  year = {1996},
  url = {http://lancet.mit.edu/ga/}
}

@misc{deap,
  author = {Fortin, F.-A. and De Rainville, F.-M. and Gardner, M.-A. and Parizeau, M. and Gagné, C.},
  title = {DEAP: Evolutionary Algorithms Made Easy},
  year = {2012},
  howpublished = {\url{https://deap.readthedocs.io/}},
  note = {Journal of Machine Learning Research, 13, 2171-2175}
}